@article{law2014voom,
  title={voom: precision weights unlock linear model analysis tools for RNA-seq
    read counts},
  author={Law, Charity W. and Chen, Yunshun and Shi, Wei and Smyth, Gordon K.},
  journal={Genome Biology},
  year={2014},
  volume={15},
  number={2},
  pages={1--17}
}

@article{smyth2004linear,
  title={Linear models and empirical Bayes methods for assessing differential expression in microarray experiments},
  author={Smyth, Gordon K},
  journal={Statistical applications in genetics and molecular biology},
  volume={3},
  number={1},
  pages={Article--3},
  year={2004},
  publisher={bepress}
}

@article{soneson2013comparison,
  title={A comparison of methods for differential expression analysis of RNA-seq data},
  author={Soneson, Charlotte and Delorenzi, Mauro},
  journal={BMC bioinformatics},
  volume={14},
  number={1},
  pages={1},
  year={2013},
  publisher={BioMed Central}
}

@article{robles2012efficient,
  title={Efficient experimental design and analysis strategies for the detection of differential expression using RNA-Sequencing},
  author={Robles, Jos{\'e} A and Qureshi, Sumaira E and Stephen, Stuart J and Wilson, Susan R and Burden, Conrad J and Taylor, Jennifer M},
  journal={BMC genomics},
  volume={13},
  number={1},
  pages={1},
  year={2012},
  publisher={BioMed Central}
}
